@misc{dbperspective,
    author    = "Mohan, C.",
    title     = "A Database Perspective on Lotus Domino/Notes",
    howpublished = "\url{http://www.almaden.ibm.com/u/mohan/domino\_sigmod99.pdf}",
    year     = "1999",
    month    = "June",
    note     = "Tutorial at ACM SIGMOD International Conference on Management of Data, Philadelphia"
}

@book{lennon2009beginning,
  title={Beginning CouchDB},
  author={Lennon, J.},
  isbn={9781430272373},
  series={Apress Series},
  url={http://books.google.com/books?id=QDUlRzNYuMMC},
  year={2009},
  publisher={Apress}
}

@misc{dominooverview,
    author = "IBM",
    title  = "Overview - applications and databases",
    howpublished = "\url{http://publib.boulder.ibm.com/infocenter/domhelp/v8r0/topic/com.ibm.designer.domino.main.doc/H_TOUR_APPLICATIONS.html}",
    note = "IBM Lotus Domino and Notes Information Center"
}

@misc{dominowebapp,
    author = "IBM",
    title  = "Planning a traditional Web appliation",
    howpublished = "\url{http://publib.boulder.ibm.com/infocenter/domhelp/v8r0/topic/com.ibm.designer.domino.main.doc/H_PLANNING_A_WEB_APPLICATION_OVER.html}",
    note = "IBM Lotus Domino and Notes Information Center"
}

@misc{dominoforms,
    author = "IBM",
    title  = "Forms and documents",
    howpublished = "\url{http://publib.boulder.ibm.com/infocenter/domhelp/v8r0/topic/com.ibm.designer.domino.main.doc/H_STORING_FORMS_OVER.html}",
    note = "IBM Lotus Domino and Notes Information Center"
}

@book{mercurial,
  title={Mercurial: The Definitive Guide},
  author={O'Sullivan, Brian},
  isbn={978-0-596-80067-3},
  url={http://hgbook.red-bean.com/read/},
  year={2009},
  publisher={O'Reilly Media}
}

@book{jurafsky09,
  title={Speech And Language Processing},
  author={Jurafsky, Daniel and Martin, James H.},
  isbn={978-0-13-504196-3},
  year={2009},
  publisher={Pearson}
}


@phdthesis{schroeder04,
  author="Schröder, Marc",
  title="Speech and Emotion Research",
  year="2004",
  school="Universität des Saarlandes"
}


@book{quast06,
    author    = "Quast, Holger",
    title     = "Prosody Recognition in Speech Dialogue Systems",
    publisher = "Sierke",
    year      = "2006",
    isbn      = "3-933893-48-8"
}


@book{rabiner11,
     author    = "Rabiner, Lawrence R. and Schafer, Ronald W.",
     title     = "Theory and Applications of Digital Speech Processing",
     year      = "2011",
     publisher = "Pearson",
     isbn      = "978-0-13-705085-7"
}



@article{shannon98,
    author    = "Shannon, Claude E.",
    title     = "Communication in the Presence of Noise",
    journal   = "Proceedings of the IEEE",
    volume    = "86",
    number    = "2",
    pages     = "447-457",
    year      = "1998",
    month     = "Feb",
}  
     


@book{texbook,
  title={The TeXBook},
  author={Knuth, Donald E.},
  isbn={0-201-13447-0},
  year={1938},
  publisher={Addison-Wesley}
}


@misc{residencies,
    author = "IBM",
    title  = "About residencies",
    howpublished = "\url{http://www.redbooks.ibm.com/Redbooks.nsf/pages/residencies?Open}",
    note = "IBM Redbooks Homepage"
}


@book{progenhance,
  title={Designing with Progressive Enhancement: Building the Web that Works for Everyone},
  author={Parker, Todd and Jehl, Scott and Wachs, Maggie Costello and Tolandm, Patty},
  isbn={0-321-65888-4},
  year={2010},
  publisher={New Riders}
}